<?xml version="1.0" encoding="UTF-8"?><collection><record><leader>08408ntm a2200577 a 4500</leader><controlfield tag="001">005989075</controlfield><controlfield tag="003">MiAaHDL</controlfield><controlfield tag="005">20190719000000.0</controlfield><controlfield tag="006">m        d        </controlfield><controlfield tag="007">cr bn ---auaua</controlfield><controlfield tag="008">090407s1648    xx            00| ||ara d</controlfield><datafield tag="035" ind1=" " ind2=" "><subfield code="a">(MiU)005989075</subfield></datafield><datafield tag="035" ind1=" " ind2=" "><subfield code="a">sdr-miu005989075</subfield></datafield><datafield tag="040" ind1=" " ind2=" "><subfield code="a">MiU</subfield><subfield code="c">MiU</subfield><subfield code="e">amremm</subfield></datafield><datafield tag="043" ind1=" " ind2=" "><subfield code="a">n-us-mi</subfield></datafield><datafield tag="100" ind1="1" ind2=" "><subfield code="6">880-01</subfield><subfield code="a">Shaʻrānī, ʻAbd al-Wahhāb ibn Aḥmad,</subfield><subfield code="d">approximately 1493-1565 or 1566.</subfield></datafield><datafield tag="245" ind1="1" ind2="3"><subfield code="6">880-03</subfield><subfield code="a">al-Yawāqīt wa-al-jawāhir fī bayān ʻaqāʼid al-akābir,</subfield><subfield code="f">[1058, i.e. 1648].</subfield></datafield><datafield tag="246" ind1="3" ind2=" "><subfield code="6">880-04</subfield><subfield code="i">Edge title:</subfield><subfield code="a">Kitāb al-Yawāqīt wa-al-jawāhir</subfield></datafield><datafield tag="260" ind1=" " ind2=" "><subfield code="c">[1648]</subfield></datafield><datafield tag="300" ind1=" " ind2=" "><subfield code="a">315 leaves :</subfield><subfield code="b">paper ;</subfield><subfield code="c">295 x 179 (223 x 115) mm.</subfield></datafield><datafield tag="500" ind1=" " ind2=" "><subfield code="a">Shelfmark: Ann Arbor, University of Michigan, Special Collections Library, Isl. Ms. 44</subfield></datafield><datafield tag="500" ind1=" " ind2=" "><subfield code="a">Origin: As appears in scribal colophon on p.626, copied by ʻAbd al-Raḥmān ibn Muḥammad al-Minshāwī al-Shāfiʻī al-Turābī [?]. Transcription finished ("wa-kāna al-farāgh min kitābat hādhihi al-nuskhah al-mubārakah...") 8 Ramaḍān 1058 [ca. 26 September 1648]. Authorial colophon on p.625-626 indicates that composition was completed 17 Rajab 955 [ca. 22 August 1548].</subfield></datafield><datafield tag="500" ind1=" " ind2=" "><subfield code="a">Former shelfmark: British Museum, London "No. 134. Kitab al-yawakit wa 'l-jawahir."</subfield></datafield><datafield tag="500" ind1=" " ind2=" "><subfield code="a">Binding: Textblock only, cover lacking ; traces of spine lining and spine leather ; sewing intact in yellow thread, two stations ; endbands in cream, intact ; housed in box for protection.</subfield></datafield><datafield tag="500" ind1=" " ind2=" "><subfield code="a">Support: European laid paper of several types ; opening leaves of a type with 6-7 laid lines per cm. (horizontal), chain lines spaced 25-28 mm. apart (vertical), tre lune (three crescents) watermark (about 83 mm. long, perpendicular to chains, see p.1, etc.) ; next mainly another type with similar measurements and tre lune watermark (about 75 mm. long, perpendicular to chains, see p.24, 80 etc.) with occasional leaves of a type with 11 laid lines per cm. (horizontal), chain lines spaced 19-20 mm. apart and small watermark resembling a pot / jug / vase with two handles faintly visible (see p.20, 38, 144, 190, etc.) ; further along in the codex, another type with 6 laid lines per cm. (horizontal), chain lines spaced 28-30 mm. apart (vertical) and watermark of small hand / glove (see p.338, 516, etc.) ; another type with 25-28 mm. apart (vertical) and larger hand / glove watermark (see p.342, 528, etc.) ; toward end of codex, two other tre lune types (see p.580 and p.626) ; all well-burnished, smooth and glossy ; some leaves surface-dyed in yellow.</subfield></datafield><datafield tag="500" ind1=" " ind2=" "><subfield code="a">Decoration: Fine illuminated headpiece (ʻunwān) on p.14 (incipit page) consisting of rectangular piece surmounted by semi-circular (dome) piece (approaching w-shaped piece) ; rectangular piece carries empty gold cartouche flanked by floral vegetal accents in gold, red, white and blue on fields of blue ; scalloped dome and accent pieces (practically forming w-shaped piece) filled with floral vegetal pattern in gold, red, and white on field of blue, outlined in gold, red and blue and surmounted by vertical stalks (tīgh) in blue ; headpiece is set in a well of red and gold bands with white dot accents ; written area of incipit and facing page bordered in frame consisting of a series of gold bands if varying thickness with outermost blue fillet ; elsewhere written area surrounded by red rule-border ; textual dividers in the form of red discs, inverted commas, etc. ; text rubricated and partially chrysographed with section headings, keywords, overlining, etc. in red, some in gold, and many keywords and headings also appearing in green, orange, brown, etc.</subfield></datafield><datafield tag="500" ind1=" " ind2=" "><subfield code="a">Script: Naskh ; clear, likely Egyptian hand ; virtually serifless ; effect of slight tilt to the left ; mainly open counters, but some closed ; pointing in dots liberally spaced.</subfield></datafield><datafield tag="500" ind1=" " ind2=" "><subfield code="a">Layout: Written in 27 lines per page ; frame-ruled (impression of ruling board evident).</subfield></datafield><datafield tag="500" ind1=" " ind2=" "><subfield code="a">Collation: II (4), V+1 (15), 30 V(315) ; chiefly quinions ; catchwords present ; foliation in black ink, Hindu-Arabic numerals (begins with ۱ on p.15, facing incipit page) ; pagination in pencil, Western numerals, supplied during digitization (skips two pages between pp.349-350).</subfield></datafield><datafield tag="500" ind1=" " ind2=" "><subfield code="a">Colophon: "Authorial," rectangular, reads: "وليكن ذلك اخر كتاب اليواقيت والجواهر في بيان عقائد الاكابر جعله [؟] خالصا لوجهه الكريم ونفع به مؤلفه وكاتبه وسامعه والناظر فيه ... وكان الفراغ من تأليفه في يوم الاثنين المبارك سابع عشر رجب سنة خمس وخمسين وتسعمائة بمنزلي بمصر المحروسة بخظ بين الصورين قال ذلك وكتبه مؤلفه عبد الوهاب ابن احمد الشعراني الشافعي حامدا ومصليا ومسلما ومحيعلا ومحوقلا ومستغفرا والحمد لله رب العالمين..." ; "Scribal," triangular, reads: "وكان الفراغ من كتابة هذه النسخة المباركة في يوم السبت ثامن شهر رمضان المعظم سنة ثمانية وخمسين والف على يد العبد الحقير العاجز المذنب الفقير عبد الرحمن بن محمد المنشاوي الشافعي الترابي غفر الله له ولوالديه ولمن دعا لهم بالمغفرة ..."</subfield></datafield><datafield tag="500" ind1=" " ind2=" "><subfield code="a">Explicit: "فانظر يا اخي عناية التوحيد باهله فالحمد لله رب العالمين"</subfield></datafield><datafield tag="500" ind1=" " ind2=" "><subfield code="a">Incipit: "احمد الله رب العالمين واصلي واسلم على سيدنا محمد ... وبعد فيقول العبد الفقير الى عفو ربه ومغفرته عبد الوهاب بن احمد بن علي الشعراني عفي الله عنه هذا كتاب الفته في علم العقائد سميته باليواقيت والجواهر في بيان عقائد الاكابر حاولت فيه المطابقة بين عقايد اهل الكشف وعقائد اهل الفكر ..."</subfield></datafield><datafield tag="500" ind1=" " ind2=" "><subfield code="a">Title from titlepiece preceding table of contents on p.4.</subfield></datafield><datafield tag="500" ind1=" " ind2=" "><subfield code="a">Ms. codex.</subfield></datafield><datafield tag="510" ind1="4" ind2=" "><subfield code="a">Brockelmann, C. GAL,</subfield><subfield code="c">II, 336</subfield></datafield><datafield tag="520" ind1="8" ind2=" "><subfield code="a">Fine copy of al-Shaʻrānī's elucidation of Ibn ʻArabī's ṣūfī doctrine as it appears in al-Futuḥāt al-Makkīyah.</subfield></datafield><datafield tag="538" ind1=" " ind2=" "><subfield code="a">Mode of access: Internet.</subfield></datafield><datafield tag="541" ind1=" " ind2=" "><subfield code="c">Purchase ;</subfield><subfield code="a">Acquired by purchase along with Abdul Hamid Collection (funds donated by Horace Rackham).</subfield><subfield code="d">1924.</subfield></datafield><datafield tag="546" ind1=" " ind2=" "><subfield code="a">Arabic.</subfield></datafield><datafield tag="561" ind1=" " ind2=" "><subfield code="a">Bookplate of British Museum, London on p.627, "British Museum, London. No. 134. Kitab al-yawakit wa 'l-jawahir." ; circular seal impression with figure of goat/gazelle in purple ink as well as inscription "91" in Western numerals on p.1 ; obliterated waqf statement on p.3 ; on paper (blue-tinted) pasted on p.13, a detailed waqf statement in the name of al-Sayyid ʻAbd Allāh Adīb (Abdullah Edip), known as Jannatʹzādah (Cennet-zade), qāḍī of Erzurum, reads: "وقفت وقفا صحيحا شرعيا على ان لا يخرج من بيت الكتب الملتصق بداري الا لعلماء سكنوا بارضروم بكفيل مرعى اورهن قوي وانا الفقير اليه عز شانه السيد عبد الله اديب الشهير بجنت زاده القاضي بمدينة ارضروم في سنة اثنى وستين ومائتين والف" ; a few notabilia (side-heads) and marginal corrections.</subfield></datafield><datafield tag="600" ind1="0" ind2="0"><subfield code="a">Ibn al-ʻArabī,</subfield><subfield code="d">1165-1240.</subfield><subfield code="t">Futuḥāt al-Makkīyah.</subfield></datafield><datafield tag="650" ind1=" " ind2="0"><subfield code="a">Manuscripts, Arabic</subfield><subfield code="z">Michigan</subfield><subfield code="z">Ann Arbor.</subfield></datafield><datafield tag="650" ind1=" " ind2="0"><subfield code="a">Islam</subfield><subfield code="x">Doctrines</subfield><subfield code="v">Early works to 1800.</subfield></datafield><datafield tag="650" ind1=" " ind2="0"><subfield code="a">Sufism</subfield><subfield code="x">Doctrines</subfield><subfield code="v">Early works to 1800.</subfield></datafield><datafield tag="655" ind1=" " ind2="7"><subfield code="a">Headpieces (layout features)</subfield><subfield code="y">17th century.</subfield><subfield code="2">aat</subfield></datafield><datafield tag="700" ind1="0" ind2=" "><subfield code="6">880-05</subfield><subfield code="a">ʻAbd al-Raḥmān ibn Muḥammad al-Minshāwī,</subfield><subfield code="d">fl.1648,</subfield><subfield code="e">scribe.</subfield></datafield><datafield tag="773" ind1="0" ind2=" "><subfield code="a">Tiflis Collection.</subfield></datafield><datafield tag="880" ind1="0" ind2=" "><subfield code="6">700-05/</subfield><subfield code="a">عبد الرحمن بن محمد المنشاوي,</subfield><subfield code="e">ناسخ.</subfield></datafield><datafield tag="880" ind1="3" ind2=" "><subfield code="6">246-04/</subfield><subfield code="a">كتاب اليواقيت والجواهر</subfield></datafield><datafield tag="880" ind1="1" ind2="2"><subfield code="6">245-03/</subfield><subfield code="a">اليواقيت والجواهر في بيان عقائد الاكابر,</subfield><subfield code="f">[1058ه, 1648م].</subfield></datafield><datafield tag="880" ind1="1" ind2=" "><subfield code="6">100-01/</subfield><subfield code="a">شعراني، عبد الوهاب بن احمد.</subfield></datafield><datafield tag="CID" ind1=" " ind2=" "><subfield code="a">005989075</subfield></datafield><datafield tag="DAT" ind1="0" ind2=" "><subfield code="a">20190719102634.0</subfield><subfield code="b">20190719000000.0</subfield></datafield><datafield tag="DAT" ind1="1" ind2=" "><subfield code="a">20190719090653.0</subfield><subfield code="b">2019-07-19T16:11:11Z</subfield></datafield><datafield tag="DAT" ind1="2" ind2=" "><subfield code="a">2015-10-10T18:00:06Z</subfield></datafield><datafield tag="CAT" ind1=" " ind2=" "><subfield code="a">SDR-MIU</subfield><subfield code="d">EX LIBRIS - ALEPH</subfield><subfield code="l">prepare.pl-004-008</subfield></datafield><datafield tag="FMT" ind1=" " ind2=" "><subfield code="a">BK</subfield></datafield><datafield tag="HOL" ind1=" " ind2=" "><subfield code="0">sdr-miu005989075</subfield><subfield code="a">MiU</subfield><subfield code="b">SDR</subfield><subfield code="c">MIU</subfield><subfield code="p">mdp.39015079105527</subfield><subfield code="s">MIU</subfield><subfield code="1">005989075</subfield></datafield><datafield tag="974" ind1=" " ind2=" "><subfield code="b">MIU</subfield><subfield code="c">MIU</subfield><subfield code="d">20190719</subfield><subfield code="s">lit-dlps-dc</subfield><subfield code="u">mdp.39015079105527</subfield><subfield code="y">1648</subfield><subfield code="r">pd</subfield><subfield code="q">bib</subfield><subfield code="t">non-US bib date1 &lt; 1879</subfield></datafield></record></collection>